<record><leader>00000cas a22000007a 4500</leader><controlfield tag="001">12925064</controlfield><controlfield tag="008">851217d19021902iauwr ne      0    0eng d</controlfield><datafield ind1=" " ind2=" " tag="010"><subfield code="a">sn 85099961 </subfield></datafield><datafield ind1=" " ind2=" " tag="040"><subfield code="a">INP</subfield><subfield code="b">eng</subfield><subfield code="c">INP</subfield><subfield code="d">DLC</subfield><subfield code="d">INP</subfield><subfield code="d">OCLCQ</subfield></datafield><datafield ind1=" " ind2=" " tag="042"><subfield code="a">msc</subfield></datafield><datafield ind1="0" ind2="0" tag="245"><subfield code="a">Mapleton press-advocate.</subfield></datafield><datafield ind1="3" ind2="0" tag="246"><subfield code="a">Press advocate</subfield></datafield><datafield ind1=" " ind2=" " tag="260"><subfield code="a">Mapleton, Monona County, Iowa :</subfield><subfield code="b">H.V. Chapin,</subfield><subfield code="c">1902.</subfield></datafield><datafield ind1=" " ind2=" " tag="300"><subfield code="a">1 v. :</subfield><subfield code="b">ill.</subfield></datafield><datafield ind1=" " ind2=" " tag="310"><subfield code="a">Weekly</subfield></datafield><datafield ind1="0" ind2=" " tag="362"><subfield code="a">Vol. 32, no. 1 (Jan. 3, 1902)-v. 32, no. 52 (Dec. 26, 1902).</subfield></datafield><datafield ind1=" " ind2=" " tag="752"><subfield code="a">United States</subfield><subfield code="b">Iowa</subfield><subfield code="c">Monona</subfield><subfield code="d">Mapleton.</subfield></datafield><datafield ind1="0" ind2="4" tag="780"><subfield code="t">Advocate (Mapleton, Iowa)</subfield></datafield><datafield ind1="0" ind2="4" tag="780"><subfield code="t">Mapleton press (Mapleton, Iowa : 1897)</subfield><subfield code="w">(DLC)sn 85049873</subfield></datafield><datafield ind1="0" ind2="0" tag="785"><subfield code="t">Mapleton press (Mapleton, Iowa : 1903)</subfield><subfield code="w">(DLC)sn 85049875</subfield></datafield></record>